@Misc{site:mobapp,
  author =    {Harald Holone},
  title =     {Mobile Applications},
  howpublished = {\url{http://www.it.hiof.no/mobapp/index.html}}}

@Misc{site:belugapods,
  author =       {Belugapods},
  title =     {Belugapods},
  howpublished = {\url{http://www.belugapods.com/}}}

@Misc{site:facebook,
  author =       {Facebook},
  title =     {Facebook},
  howpublished = {\url{http://www.facebook.com/}}}

@Misc{site:foursquare,
  author =       {Foursquare},
  title =     {Foursquare},
  howpublished = {\url{http://www.foursquare.com/}}}

@Misc{site:gowalla,
  author =       {Gowalla},
  title =     {Gowalla},
  howpublished = {\url{http://www.gowalla.com/}}}

